@inproceedings{c1,
  title={Low-complexity video encoding for UAV reconnaissance and surveillance},
  author={Bhaskaranand, Malavika and Gibson, Jerry D},
  booktitle={Military Communications Conference (MILCOM)},
  pages={1633--1638},
  year={2011},
  organization={IEEE}
}
@article{c3,
  title={Toward a fully autonomous UAV: Research platform for indoor and outdoor urban search and rescue},
  author={Tomic, Teodor and Schmid, Korbinian and Lutz, Philipp and Domel, Andreas and Kassecker, Michael and Mair, Elmar and Grixa, Iris Lynne and Ruess, Felix and Suppa, Michael and Burschka, Darius},
  journal={IEEE robotics \& automation magazine},
  volume={19},
  number={3},
  pages={46--56},
  year={2012},
  publisher={IEEE}
}
@inproceedings{c5,
  title={Outdoor flight testing of a pole inspection UAV incorporating high-speed vision},
  author={Sa, Inkyu and Hrabar, Stefan and Corke, Peter},
  booktitle={Field and Service Robotics},
  pages={107--121},
  year={2015},
  organization={Springer}
}
@inproceedings{c13,
  title={Rich feature hierarchies for accurate object detection and semantic segmentation},
  author={Girshick, Ross and Donahue, Jeff and Darrell, Trevor and Malik, Jitendra},
  booktitle={Proceedings of the IEEE conference on computer vision and pattern recognition},
  pages={580--587},
  year={2014}
}
@inproceedings{c14,
  title={Long-term recurrent convolutional networks for visual recognition and description},
  author={Donahue, Jeffrey and Anne Hendricks, Lisa and Guadarrama, Sergio and Rohrbach, Marcus and Venugopalan, Subhashini and Saenko, Kate and Darrell, Trevor},
  booktitle={Proceedings of the IEEE Conference on Computer Vision and Pattern Recognition},
  pages={2625--2634},
  year={2015}
}
@inproceedings{c15,
  title={Deep neural networks segment neuronal membranes in electron microscopy images},
  author={Ciresan, Dan and Giusti, Alessandro and Gambardella, Luca M and Schmidhuber, J{\"u}rgen},
  booktitle={Advances in neural information processing systems},
  pages={2843--2851},
  year={2012}
}
@article{c22,
  title={Cloud robotics and automation: A survey of related work},
  author={Goldberg, Ken and Kehoe, Ben},
  journal={EECS Department, University of California, Berkeley, Tech. Rep. UCB/EECS-2013-5},
  year={2013}
}
@article{c23,
  title={A survey of research on cloud robotics and automation},
  author={Kehoe, Ben and Patil, Sachin and Abbeel, Pieter and Goldberg, Ken},
  journal={IEEE Transactions on Automation Science and Engineering},
  volume={12},
  number={2},
  pages={398--409},
  year={2015},
  publisher={IEEE}
}
@article{c29,
  title={The navigation and control technology inside the ar. drone micro uav},
  author={Bristeau, Pierre-Jean and Callou, Fran{\c{c}}ois and Vissiere, David and Petit, Nicolas},
  journal={IFAC Proceedings Volumes},
  volume={44},
  number={1},
  pages={1477--1484},
  year={2011},
  publisher={Elsevier}
}
@inproceedings{c30,
  title={{ROS}: an open-source Robot Operating System},
  author={Quigley, Morgan and Conley, Ken and Gerkey, Brian and Faust, Josh and Foote, Tully and Leibs, Jeremy and Wheeler, Rob and Ng, Andrew Y},
  booktitle={ICRA workshop on open source software},
  year={2009}
}
@inproceedings{c28,
  title={BING: Binarized normed gradients for objectness estimation at 300fps},
  author={Cheng, Ming-Ming and Zhang, Ziming and Lin, Wen-Yan and Torr, Philip},
  booktitle={Proceedings of the IEEE conference on computer vision and pattern recognition},
  pages={3286--3293},
  year={2014}
}
@InProceedings{yolo,
    author = {Redmon, Joseph and Divvala, Santosh and Girshick, Ross and Farhadi, Ali},
    title = {You Only Look Once: Unified, Real-Time Object Detection},
    booktitle = {The IEEE Conference on Computer Vision and Pattern Recognition (CVPR)},
    year = {2016}
}
@inproceedings{ssd,
    author  = {Wei Liu and Dragomir Anguelov and Dumitru Erhan and Christian Szegedy and Scott Reed, and Cheng-Yang Fu, and Alexander C. Berg},
    title = {SSD: Single Shot MultiBox Detector},
    booktitle = {roceedings of European Conference on Computer Vision (ECCV)},
    year = {2016}   
}

